<record><leader>00000cas a22000007a 4500</leader><controlfield tag="001">13639602</controlfield><controlfield tag="008">860523d19111939inudn ne      0    0eng d</controlfield><datafield ind1=" " ind2=" " tag="010"><subfield code="a">sn 86058533 </subfield></datafield><datafield ind1=" " ind2=" " tag="040"><subfield code="a">NPI</subfield><subfield code="b">eng</subfield><subfield code="c">NPI</subfield><subfield code="d">OCLCQ</subfield></datafield><datafield ind1=" " ind2=" " tag="042"><subfield code="a">msc</subfield></datafield><datafield ind1="0" ind2=" " tag="130"><subfield code="a">Evening times (Union City, Ind.)</subfield></datafield><datafield ind1="1" ind2="4" tag="245"><subfield code="a">The evening times.</subfield></datafield><datafield ind1=" " ind2=" " tag="260"><subfield code="a">Union City, Ind. :</subfield><subfield code="b">George W. Patchell</subfield></datafield><datafield ind1=" " ind2=" " tag="300"><subfield code="a">v. :</subfield><subfield code="b">ill. ;</subfield><subfield code="c">56 cm.</subfield></datafield><datafield ind1=" " ind2=" " tag="310"><subfield code="a">Daily (except Sun.)</subfield></datafield><datafield ind1="1" ind2=" " tag="362"><subfield code="a">Began in 1911.</subfield><subfield code="z">Cf. Miller, John W. Indiana newspaper bibliog.</subfield></datafield><datafield ind1="0" ind2=" " tag="362"><subfield code="a">-v. 49, no. 61 (Mar. 31, 1939).</subfield></datafield><datafield ind1=" " ind2=" " tag="580"><subfield code="a">Continues: Union City evening times.</subfield></datafield><datafield ind1=" " ind2=" " tag="580"><subfield code="a">Published also until the late 1920's in a weekly edition called: Union City times (Union City, Ind.).</subfield></datafield><datafield ind1=" " ind2=" " tag="588"><subfield code="a">Description based on: Vol. 31, no. 139 (May 20, 1926).</subfield></datafield><datafield ind1=" " ind2=" " tag="752"><subfield code="a">United States</subfield><subfield code="b">Indiana</subfield><subfield code="c">Randolph</subfield><subfield code="d">Union City.</subfield></datafield><datafield ind1="1" ind2=" " tag="775"><subfield code="t">Union City times (Union City, Ind.)</subfield><subfield code="w">(DLC)sn 84038224</subfield></datafield><datafield ind1="1" ind2="0" tag="780"><subfield code="t">Union City evening times</subfield></datafield><datafield ind1="0" ind2="7" tag="785"><subfield code="t">Union City gazette (Union City, Ind.: 1937)</subfield><subfield code="w">(DLC)sn 86058528</subfield></datafield><datafield ind1="0" ind2="7" tag="785"><subfield code="t">Times-gazette (Union City, Ind.)</subfield><subfield code="w">(DLC)sn 86058529</subfield></datafield><datafield ind1="1" ind2=" " tag="029"><subfield code="a">AU@</subfield><subfield code="b">000025804000</subfield></datafield></record>